<?xml version="1.0" encoding="UTF-8"?><collection xmlns="http://www.loc.gov/MARC21/slim"><record><leader>00523nam--2200193-u-4500</leader><controlfield tag="001">000054974</controlfield><controlfield tag="002">20161230</controlfield><controlfield tag="005">20161230201051</controlfield><controlfield tag="008">120717s1000------------r-----000-0-rus-d</controlfield><datafield ind1=" " ind2=" " tag="040"><subfield code="a">IFIN-HH</subfield></datafield><datafield ind1=" " ind2=" " tag="041"><subfield code="a">rus</subfield></datafield><datafield ind1=" " ind2=" " tag="080"><subfield code="a">539.194:546.11</subfield></datafield><datafield ind1="1" ind2=" " tag="100"><subfield code="a">Tiit, V.M</subfield></datafield><datafield ind1="1" ind2="0" tag="245"><subfield code="a">Atlas mnogolineiceatogo spektra molekuliarnogo vodoroda</subfield><subfield code="c">V.m. tiit, r.v. satkina</subfield></datafield><datafield ind1=" " ind2=" " tag="260"><subfield code="a">Tallin</subfield><subfield code="b">Akademia Nauk Estonoskoi Ssr</subfield><subfield code="c">1981</subfield></datafield><datafield ind1=" " ind2=" " tag="300"><subfield code="a">79P</subfield></datafield><datafield ind1="1" ind2=" " tag="700"><subfield code="a">Satkina, R.V</subfield></datafield><datafield ind1=" " ind2=" " tag="852"><subfield code="a">70448</subfield><subfield code="c">539.19</subfield></datafield><datafield ind1=" " ind2=" " tag="CAT"><subfield code="a">Sys</subfield><subfield code="c">20120717</subfield><subfield code="h">131327</subfield></datafield></record></collection>